@book{RussellNorvig2021,
  author    = "Russell, Stuart and Norvig, Peter",
  title     = "Artificial Intelligence: A Modern Approach, 4th edition",
  publisher = "Pearson",
  year      = "2021"
}